@inproceedings{Zhou2019,
  title={Talking face generation by adversarially disentangled audio-visual representation},
  author={Zhou, Hang and Liu, Yu and Liu, Ziwei and Luo, Ping and Wang, Xiaogang},
  booktitle={Proceedings of the AAAI Conference on Artificial Intelligence (AAAI)},
  pages={9299--9306},
  year={2019}
}
@inproceedings{Zhou2021,
  title={Pose-controllable talking face generation by implicitly modularized audio-visual representation},
  author={Zhou, Hang and Sun, Yasheng and Wu, Wayne and Loy, Chen Change and Wang, Xiaogang and Liu, Ziwei},
  booktitle={Proceedings of the IEEE/CVF Conference on Computer Vision and Pattern Recognition (CVPR)},
  pages={4176--4186},
  year={2021}
}
@inproceedings{Wang2021,
  title={One-shot free-view neural talking-head synthesis for video conferencing},
  author={Wang, Ting-Chun and Mallya, Arun and Liu, Ming-Yu},
  booktitle={Proceedings of the IEEE/CVF Conference on Computer Vision and Pattern Recognition (CVPR)},
  pages={10039--10049},
  year={2021}
}

@inproceedings{Yao2020,
  title={Mesh guided one-shot face reenactment using graph convolutional networks},
  author={Yao, Guangming and Yuan, Yi and Shao, Tianjia and Zhou, Kun},
  booktitle={Proceedings of the 28th ACM International Conference on Multimedia (ACM MM)},
  pages={1773--1781},
  year={2020}
}

@inproceedings{Wiles2018,
	author={Olivia Wiles and A. Sophia Koepke and Andrew Zisserman},
	title={{X2Face}: A Network for Controlling Face Generation Using Images, Audio, and Pose Codes},
	booktitle={European Conference on Computer Vision (ECCV)},
	pages={690--706},
	year={2018},
}

@inproceedings{Siarohin2019a,
	author={Aliaksandr Siarohin and Stephane Lathuiliere and Sergey Tulyakov and Elisa Ricci and Nicu Sebe},
	title={Animating Arbitrary Objects via Deep Motion Transfer},
	booktitle={IEEE Conference on Computer Vision and Pattern Recognition (CVPR)},
	pages={2372--2381},
	year={2019},
}

@inproceedings{Siarohin2019b,
  title={First order motion model for image animation},
  author={Siarohin, Aliaksandr and Lathuili{\`e}re, St{\'e}phane and Tulyakov, Sergey and Ricci, Elisa and Sebe, Nicu},
  booktile={Advances in Neural Information Processing Systems (NeurIPS)},
  volume={32},
  pages={7137--7147},
  year={2019}
}


@article{Goodfellow2020,
  title={Generative adversarial networks},
  author={Goodfellow, Ian and Pouget-Abadie, Jean and Mirza, Mehdi and Xu, Bing and Warde-Farley, David and Ozair, Sherjil and Courville, Aaron and Bengio, Yoshua},
  journal={Communications of the ACM},
  volume={63},
  number={11},
  pages={139--144},
  year={2020},
  publisher={ACM New York, NY, USA}
}


@inproceedings{Isola2017,
  title={Image-to-image translation with conditional adversarial networks},
  author={Isola, Phillip and Zhu, Jun-Yan and Zhou, Tinghui and Efros, Alexei A},
  booktitle={Proceedings of the IEEE conference on computer vision and pattern recognition (CVPR)},
  pages={1125--1134},
  year={2017}
}